%%% ====================================================================
%%%  BibTeX-file{
%%%     author          = "Jakub Wójcik",
%%%     version         = "0.0",
%%%     date            = "8 September 2017",
%%%     filename        = "paper-bibliography.bib",
%%%     address         = "ACM, NY",
%%%     email           = "murray at hq.acm.org",
%%%     codetable       = "ISO/ASCII",
%%%     keywords        = "ACM Reference Format, bibliography, citation, references",
%%%     supported       = "yes",
%%%     docstring       = "This BibTeX database file contains 'bibdata' entries
%%%                        that 'match' the examples provided in the Specifications Document
%%%                        AND, also, 'legacy'-type bibs. It should assist authors in 
%%%                        choosing the 'correct' at-bibtype and necessary bib-fields
%%%                        so as to obtain the appropriate ACM Reference Format output. 
%%%			   It also contains many 'Standard Abbreviations'. "
%%%  }
%%% ====================================================================

% Journals


%Entries

@misc{cryptoeprint:2016:505,
    author = {Marcel Keller and Emmanuela Orsini and Peter Scholl},
    title = {MASCOT: Faster Malicious Arithmetic Secure Computation with Oblivious Transfer},
    howpublished = {Cryptology ePrint Archive, Report 2016/505},
    year = {2016},
    note = {\url{http://eprint.iacr.org/2016/505}},
}

@misc{cryptoeprint:2011:535,
    author = {I. Damgard and  V. Pastro and N.P. Smart and S. Zakarias},
    title = {Multiparty Computation from Somewhat Homomorphic Encryption},
    howpublished = {Cryptology ePrint Archive, Report 2011/535},
    year = {2011},
    note = {\url{http://eprint.iacr.org/2011/535}},
}

@misc{cryptoeprint:2012:642,
    author = {Ivan Damgard and Marcel Keller and Enrique Larraia and Valerio Pastro and Peter Scholl and Nigel P. Smart},
    title = {Practical Covertly Secure MPC for Dishonest Majority – or: Breaking the SPDZ Limits},
    howpublished = {Cryptology ePrint Archive, Report 2012/642},
    year = {2012},
    note = {\url{http://eprint.iacr.org/2012/642}},
}

@InProceedings{GBW88,
author={Shafi Goldwasser and Michael
Ben-Or and Avi Wigderson},
title={Completeness theorems for
non-cryptographic fault-tolerant
distributed computing},
booktitle={Proceedings of the 20th STOC},
pages={1-10},
year={1988},
}

@article{BGW88,
author = {Ben-Or, M and Goldwasser, S and Wigderson, A},
doi = {10.1145/62212.62213},
isbn = {0897912640},
journal = {Proceedings of the 20th Annual ACM Symposium on the Theory of Computing (STOC)},
pages = {1--10},
title = {{Completeness Theorems for Non-Cryptographic Fault Tolerant Distributed Computation}},
year = {1988}
}


